<?xml version="1.0" encoding="UTF-8"?><collection xmlns="http://www.loc.gov/MARC21/slim"><record><leader>00440nam--2200133-i-4500</leader><controlfield tag="001">000023419</controlfield><controlfield tag="002">20161230</controlfield><controlfield tag="005">20161230201035</controlfield><controlfield tag="008">060222s1000------------r-----000-0-eng-d</controlfield><datafield ind1=" " ind2=" " tag="080"><subfield code="a">539.125.5.164(047.3):621.039.52.034.3(047.3)</subfield></datafield><datafield ind1=" " ind2=" " tag="100"><subfield code="a">Jermann, M</subfield></datafield><datafield ind1=" " ind2=" " tag="245"><subfield code="a">Neutronenspektroskopie mit ruckstossprotonenzahlen im gitter einss asgekuhlten</subfield></datafield><datafield ind1=" " ind2=" " tag="260"><subfield code="a">Wurenlingen Eidg.Institut Fur Reaktroforschung, 1977, 88p.+ Abbe A 4)</subfield></datafield><datafield ind1=" " ind2=" " tag="852"><subfield code="a">13968</subfield></datafield></record></collection>